@misc{police,
	title={Police can use deadly force if they merely perceive a threat},
	author={German Lopez},
	howpublished={\url{https://www.vox.com/identities/2016/8/13/17938226/police-shootings-killings-law-legal-standard-garner-graham-connor}},
	year={2018}
}

@misc{post,
	title={How The Washington Post is examining police shootings in the United States},
	author={Julie Tate,
	Jennifer Jenkins,
	Steven Rich,
	John Muyskens,
	Kennedy Elliott,
	Ted MellnikÂ and
	Aaron Williams},
	howpublished={\url{https://www.washingtonpost.com/national/how-the-washington-post-is-examining-police-shootings-in-the-united-states/2016/07/07/d9c52238-43ad-11e6-8856-f26de2537a9d_story.html?utm_term=.bb540299ce96}},
	year={2018}
}

@misc{slides,
	title={Probabilistic Methods in Engineering},
	author={Horst Hohberger},
	year={2019}
}

@article{prediction,
	author = {Krishnamoorthy, K and Peng, Jie},
	year = {2011},
	month = {05},
	pages = {1709-1718},
	title = {Improved closed-form prediction intervals for Binomial and Poisson distributions},
	volume = {141},
	journal = {Fuel and Energy Abstracts},
	doi = {10.1016/j.jspi.2010.11.021}
}
